@article{1_chen1999empirical,
    title={An empirical study of smoothing techniques for language modeling},
    author={Chen, Stanley F and Goodman, Joshua},
    journal={Computer Speech \& Language},
    volume={13},
    number={4},
    pages={359--393},
    year={1999},
    publisher={Elsevier}
}

@article{2_tanaka2010language,
  title={Language Models for Text Entry 2},
  author={Tanaka-Ishii, Kumiko},
  journal={Text Entry Systems: Mobility, Accessibility, Universality},
  year={2010},
  publisher={Morgan Kaufmann}
}	

