@article{chen1999empirical,
    title={An empirical study of smoothing techniques for language modeling},
    author={Chen, Stanley F and Goodman, Joshua},
    journal={Computer Speech \& Language},
    volume={13},
    number={4},
    pages={359--393},
    year={1999},
    publisher={Elsevier}
}
